@online{GithubSPL,
  author  = {Avengineers},
  title   = {Software Product Line implementation for C development based on PowerShell, CMake and Python},
  year    = {2022},
  url     = {https://github.com/avengineers/SPL},
  urldate = {2022-05-22}
}

@online{GithubTransformer,
  author  = {Avengineers},
  title   = {Python based tool to bring legacy GNU Make projects into SPL structure with CMake},
  year    = {2022},
  url     = {https://github.com/avengineers/SPLTransformer},
  urldate = {2022-05-22}
}

@book{devopshandbook,
  author    = {Gene Kim and Jez Humble and Patrick Debois and John Willis},
  editor    = {},
  publisher = {IT Revolution Press, LLC},
  title     = {THE DEVOPS HANDBOOK},
  year      = {2016}
}

@online{pureVariantsPureSystems,
  author  = {pure-systems},
  title   = {Systematic variant management with pure::variants},
  year    = {2022},
  url     = {https://www.pure-systems.com/purevariants},
  urldate = {2022-05-25}
}

@online{gearsBigLever,
  author  = {BigLever Software Inc.},
  title   = {Gears Product Line Engineering Tool and Lifecycle Framework},
  year    = {2022},
  url     = {https://biglever.com/solution/gears/},
  urldate = {2022-05-25}
}

@inproceedings{kconfigKernel,
  author = {I. Maria Attarian and Kacper Bak and Leonardo Passos},
  title  = {Software Product Line Evolution: the Linux Kernel},
  year   = {2011}
}

@inproceedings{incrementalPLE,
  author = {Sten Grüner and Andreas Burger and Tuomas Kantonen and Julius Rückert},
  title  = {Incremental Migration to Software Product Line Engineering},
  year   = {2020}
}

@book{appliedSPLE,
  author    = {},
  editor    = {Kyo C. Kang and Vijayan Sugumaran and Sooyong Park},
  publisher = {CRC Press, Taylor and Francis Group},
  title     = {Applied Software Product Line Engineering},
  year      = {2009}
}

@misc{bigleverwhitepaper,
  author       = {BigLever Software Inc.},
  howpublished = {Whitepaper},
  title        = {The Systems and Software Product Line Engineering Lifecycle Framework},
  year         = {2020}
}

@online{conandocs,
  author  = {JFrog Conan.io},
  title   = {Welcome to Conan C/C++ Package Manager Documentation},
  year    = {2022},
  url     = {https://docs.conan.io/en/1.43/index.html},
  urldate = {2022-05-29}
}

@book{Clem02a,
  author    = {Paul Clements and Linda Northrop},
  editor    = {},
  publisher = {Addison-Wesley},
  title     = {Software Product Lines: Practices and Patterns},
  year      = {2002}
}

@inproceedings{confsplc2000,
  author    = {},
  booktitle = {SPLC},
  editor    = {Patrick Donohoe},
  title     = {Software Product Lines; Experiences and Research Directions, Proceedings of the First International Conference},
  year      = {2000}
}

@inproceedings{confsplcYoungCPFC17,
  author    = {Bobbi Young and Judd Cheatwood and Todd Peterson and Rick Flores and Paul C. Clements},
  booktitle = {Proceedings of the 21st International Systems and Software Product Line Conference, SPLC 2017, Volume A},
  editor    = {Myra B. Cohen and Mathieu Acher and Lidia Fuentes and Daniel Schall and Jan Bosch and Rafael Capilla and Ebrahim Bagheri and Yingfei Xiong and Javier Troya and Antonio Ruiz Cortes and David Benavides},
  title     = {Product Line Engineering Meets Model Based Engineering in the Defense and Automotive Industries},
  year      = {2017}
}

@incollection{bookssp19X19,
  author    = {Yanja Dajsuren and Mark van den Brand},
  booktitle = {Automotive Systems and Software Engineering},
  publisher = {Springer},
  title     = {Automotive Software Engineering: Past, Present, and Future},
  year      = {2019}
}

@inproceedings{ICSE03498,
  author    = {Klaus Grimm},
  title     = {Software technology in an automotive company: major challenges},
  publisher = {IEEE Computer Society},
  address   = {Piscataway, NJ},
  year      = {2003}
}

@inproceedings{confsplcFloresKC12,
  title     = {Mega-scale product line engineering at General Motors},
  author    = {Rick Flores and Charles W. Krueger and Paul C. Clements},
  booktitle = {16th International Software Product Line Conference, SPLC '12, Salvador, Brazil - September 2-7, 2012, Volume 1},
  publisher = {ACM},
  year      = {2012},
  editor    = {Eduardo Santana de Almeida and Christa Schwanninger and David Benavides 0001},
  isbn      = {978-1-4503-1094-9},
  url       = {http://dl.acm.org/citation.cfm?id=2362536}
}

@inproceedings{confsplcAzanzaMD21,
  title     = {20 years of industrial experience at SPLC: a systematic mapping study},
  author    = {Maider Azanza and Leticia Montalvillo and Oscar D{\'i}az},
  booktitle = {SPLC '21: 25th ACM International Systems and Software Product Line Conference, Leicester, United Kingdom, September 6-11, 2021, Volume A},
  publisher = {ACM},
  year      = {2021},
  editor    = {Mohammad Mousavi and Pierre-Yves Schobbens},
  isbn      = {978-1-4503-8469-8}
}

@inproceedings{confoopslaHetrickKM06,
  title     = {Incremental return on incremental investment: Engenio's transition to software product line practice},
  author    = {William A. Hetrick and Charles W. Krueger and Joseph G. Moore},
  booktitle = {Companion to the 21th Annual ACM SIGPLAN Conference on Object-Oriented Programming, Systems, Languages, and Applications, OOPSLA 2006, October 22-26, 2006, Portland, Oregon, USA},
  publisher = {ACM},
  year      = {2006},
  editor    = {Peri L. Tarr and William R. Cook},
  isbn      = {1-59593-491-X}
}

@inproceedings{confsplcJepsenDB07,
  title     = {Minimally Invasive Migration to Software Product Lines},
  author    = {Hans Peter Jepsen and Jan Gaardsted Dall and Danilo Beuche},
  publisher = {IEEE Computer Society},
  year      = {2007},
  booktitle = {Proceedings of the 11th International Software Product Line Conference},
  isbn      = {0-7695-2888-0},
  url       = {http://doi.ieeecomputersociety.org/10.1109/SPLINE.2007.30}
}

@inproceedings{Svahnberg1999EPLA,
  author    = {Mikael Svahnberg and Jan Bosch},
  title     = {Characterizing Evolution in Product Line Architectures},
  booktitle = {Proceedings of the 3rd annual IASTED International Conference on Software Engineering and Applications},
  address   = {Anaheim, CA},
  editor    = {N. Debnath and R. Lee},
  year      = {1999}
}

@article{journalssmrQuintonVRBGS21,
  title   = {Evolution in dynamic software product lines},
  author  = {Cl{\'e}ment Quinton and Michael Vierhauser and Rick Rabiser and Luciano Baresi and Paul Gr{\"u}nbacher and Christian Schuhmayer},
  journal = {J. Softw. Evol. Process},
  year    = {2021}
}

@article{Svahnberg1999ESPL,
  author   = {Mikael Svahnberg and Jan Bosch},
  title    = {Evolution in Software Product Lines: Two Cases},
  abstract = {This paper discusses the results of two case studies
              from a technical perspective, concentrating on the
              evolution of software assets in two Swedish
              organizations that have employed a product-line
              architecture approach for several years. This paper
              describes and analyses the commonalities and
              differences of these two cases, emphasizing categories
              of the evolution of the requirements, of the software
              architecture and of the software components. (...)},
  journal  = {Journal of Software Maintenance: Research and
              Practice},
  year     = {1999},
  volume   = {11},
  number   = {6}
}

@inproceedings{Eise02b,
  author    = {Daniel Simon and Thomas Eisenbarth},
  title     = {Evolutionary Introduction of Software Product Lines},
  booktitle = {SPLC 2: Proceedings of the Second International Conference on Software Product Lines},
  year      = {2002},
  isbn      = {3-540-43985-4},
  publisher = {Springer-Verlag},
  address   = {London, UK}
}

@inproceedings{ncstrlustuttgartfiINPROC200185,
  publisher   = {Fraunhofer IESE},
  year        = {2001},
  series      = {Artikel in Tagungsband},
  institution = {Universit{\"a}t Stuttgart, Fakult{\"a}t Informatik,
                 Elektrotechnik und Informationstechnik, Germany},
  author      = {Thomas Eisenbarth and Daniel Simon},
  title       = {Guiding Feature Asset Mining for Software Product Line
                 Development},
  booktitle   = {Proceedings of the First International Workshop on
                 Product Line Engineering: The Early Steps: Planning,
                 Modeling and Managing (PLEES'01), Erfurt, Germany,
                 September 2001},
  url         = {ftp://ftp.informatik.uni-stuttgart.de/pub/library/ncstrl.ustuttgart_fi/INPROC-2001-85/INPROC-2001-85.pdf}
}

@inproceedings{confsplcGrunerBKR20,
  title     = {Incremental migration to software product line
               engineering},
  author    = {Sten Gr{\"u}ner and Andreas Burger and Tuomas Kantonen
               and Julius R{\"u}ckert},
  booktitle = {SPLC '20: 24th ACM International Systems and Software
               Product Line Conference, Montreal, Quebec, Canada,
               October 19-23, 2020, Volume A},
  publisher = {ACM},
  year      = {2020},
  editor    = {Roberto Erick Lopez-Herrejon},
  isbn      = {978-1-4503-7569-6}
}

@inproceedings{confsplcWolschke0SAM19,
  title     = {Industrial perspective on reuse of safety artifacts in
               software product lines},
  author    = {Christian Wolschke and Martin Becker and
               S{\"o}ren Schneickert and Rasmus Adler and John
               MacGregor},
  booktitle = {Proceedings of the 23rd International Systems and
               Software Product Line Conference, SPLC 2019, Volume A,
               Paris, France, September 9-13, 2019},
  publisher = {ACM},
  year      = {2019},
  editor    = {Thorsten Berger and Philippe Collet and Laurence
               Duchien and Thomas Fogdal and Patrick Heymans and Timo
               Kehrer and Jabier Martinez and Ra{\'u}l Mazo and
               Leticia Montalvillo and Camille Salinesi and Xhevahire
               T{\"e}rnava and Thomas Th{\"u}m and Tewfik Ziadi},
  isbn      = {978-1-4503-7138-4}
}

@inproceedings{confsplcRubinCC13,
  title     = {Managing cloned variants: a framework and experience},
  author    = {Julia Rubin and Krzysztof Czarnecki and Marsha
               Chechik},
  booktitle = {17th International Software Product Line Conference,
               SPLC 2013, Tokyo, Japan - August 26 - 30, 2013},
  publisher = {ACM},
  year      = {2013},
  editor    = {Tomoji Kishi and Stan Jarzabek and Stefania Gnesi},
  isbn      = {978-1-4503-1968-3},
  url       = {http://dl.acm.org/citation.cfm?id=2491627}
}

@inproceedings{Krueger2001SMC,
  author    = {Charles W. Krueger},
  title     = {Easing the Transition to Software Mass Customization},
  editor    = {European Software Institute},
  address   = {Bilbao, Spain},
  booktitle = {Proceedings of the Fourth International Workshop on
               Product Family Engineering (PFE-4)},
  year      = {2001}
}

@inproceedings{confsplcSchaferBAKR21,
  title     = {Variability realization in model-based system
               engineering using software product line techniques: an
               industrial perspective},
  author    = {Andreas Sch{\"a}fer and Martin Becker and Markus
               Andres and Tim Kistenfeger and Florian Rohlf},
  booktitle = {SPLC '21: 25th ACM International Systems and Software
               Product Line Conference, Leicester, United Kingdom,
               September 6-11, 2021, Volume A},
  publisher = {ACM},
  year      = {2021},
  editor    = {Mohammad Mousavi and Pierre-Yves Schobbens},
  isbn      = {978-1-4503-8469-8}
}

@inproceedings{confsplcAbbasJLESS20,
  title     = {Product line adoption in industry: an experience
               report from the railway domain},
  author    = {Muhammad Abbas and Robbert Jongeling and Claes
               Lindskog and Eduard Paul Enoiu and Mehrdad Saadatmand
               and Daniel Sundmark},
  booktitle = {SPLC '20: 24th ACM International Systems and Software
               Product Line Conference, Montreal, Quebec, Canada,
               October 19-23, 2020, Volume A},
  publisher = {ACM},
  year      = {2020},
  editor    = {Roberto Erick Lopez-Herrejon},
  isbn      = {978-1-4503-7569-6}
}

@inproceedings{confsplcDuszynskiDB19,
  title     = {Using relation graphs for improved understanding of
               feature models in software product lines},
  author    = {Slawomir Duszynski and Saura Jyoti Dhar and Tobias
               Beichter},
  booktitle = {Proceedings of the 23rd International Systems and
               Software Product Line Conference, SPLC 2019, Volume A,
               Paris, France, September 9-13, 2019},
  publisher = {ACM},
  year      = {2019},
  editor    = {Thorsten Berger and Philippe Collet and Laurence
               Duchien and Thomas Fogdal and Patrick Heymans and Timo
               Kehrer and Jabier Martinez and Ra{\'u}l Mazo and
               Leticia Montalvillo and Camille Salinesi and Xhevahire
               T{\"e}rnava and Thomas Th{\"u}m and Tewfik Ziadi},
  isbn      = {978-1-4503-7138-4}
}

@inproceedings{confsplcFritschAR20,
  title     = {The benefits of a feature model in banking},
  author    = {Claudia Fritsch and Richard Abt and Burkhardt Renz},
  booktitle = {SPLC '20: 24th ACM International Systems and Software
               Product Line Conference, Montreal, Quebec, Canada,
               October 19-23, 2020, Volume A},
  publisher = {ACM},
  year      = {2020},
  editor    = {Roberto Erick Lopez-Herrejon},
  isbn      = {978-1-4503-7569-6}
}

@inproceedings{confsplcTomashchukLJ21,
  title     = {The architectural divergence problem in security and
               privacy of eHealth IoT product lines},
  author    = {Oleksandr Tomashchuk and Dimitri Van Landuyt and
               Wouter Joosen},
  booktitle = {SPLC '21: 25th ACM International Systems and Software
               Product Line Conference, Leicester, United Kingdom,
               September 6-11, 2021, Volume A},
  publisher = {ACM},
  year      = {2021},
  editor    = {Mohammad Mousavi and Pierre-Yves Schobbens},
  isbn      = {978-1-4503-8469-8}
}
